<?xml version="1.0" encoding="UTF-8"?><collection xmlns="http://www.loc.gov/MARC21/slim"><record><leader>00412nam--2200145-i-4500</leader><controlfield tag="001">000010954</controlfield><controlfield tag="002">20161230</controlfield><controlfield tag="005">20161230201029</controlfield><controlfield tag="008">060222s1000------------r-----000-0-eng-d</controlfield><datafield ind1=" " ind2=" " tag="080"><subfield code="a">512.53:517.984.3</subfield></datafield><datafield ind1=" " ind2=" " tag="100"><subfield code="a">Barbu, Viorel</subfield></datafield><datafield ind1=" " ind2=" " tag="245"><subfield code="a">Semigrupuri de constructii neliniare in spatii banach</subfield></datafield><datafield ind1=" " ind2=" " tag="260"><subfield code="a">Bucuresti, Editura Academiei Rsr., 1974. 342 P</subfield></datafield><datafield ind1=" " ind2=" " tag="852"><subfield code="a">40592</subfield><subfield code="c">517.9</subfield></datafield><datafield ind1=" " ind2=" " tag="CAT"><subfield code="a">Sys</subfield><subfield code="c">20081020</subfield><subfield code="h">120036</subfield></datafield></record></collection>